% This file was created with JabRef 2.7b.
% Encoding: UTF8

%BOOKS=============================================================================================

@BOOK{longair2008,
   author =      "Longair, M.S.",
   title =       "Galaxy Formation",
   publisher =   "Springer",
   year =        2008,
   address =     "New York",
   edition =     "Second",
   isbn =        "978-3-540-73477-2"}
@BOOK{padmanabhan1995,
   author =      "Padmanabhan, T.",
   title =       "Structure Formation in the Universe",
   publisher =   "Cambridge University Press",
   year =        1995,
   address =     "Great Britain",
   edition =     "First",
   isbn =        "0-521-42486-0"}
@BOOK{weinberg1972,
   author =      "Weinberg, S.",
   title =       "Gravitation and Cosmology: Principles and Applications of the General Theory of Relativity",
   publisher =   "John Wiley \& Sons, Inc.",
   year =        1972,
   address =     "New York",
   edition =     "First",
   isbn =        "0-471-92567-5"}
@BOOK{pathria1996,
   author =      "Pathria, R.K.",
   title =       "Statistical Mechanics",
   publisher =   "Butterworth-Heinmann",
   year =        1996,
   address =     "Great Britain",
   edition =     "Second",
   isbn =        "0-7506-2409-8"}
@BOOK{jackson1999,
   author =      "Jackson, J.D.",
   title =       "Classical Electrodynamics",
   publisher =   "John Wiley \& Sons, Inc.",
   year =        1999,
   address =     "USA",
   edition =     "Third",
   isbn =        "0-471-30932-X"}
@BOOK{binney2008,
   author =      "Binney, J. and Tremaine, S.",
   title =       "Galactic Dynamics",
   publisher =   "Princenton University Press",
   year =        2008,
   address =     "USA",
   edition =     "Second",
   isbn =        "978-0-691-13027-9"}
@BOOK{pfalzner1996,
   author =      "Pfalzner, S. and Gibbon, P.",
   title =       "Many-Body Tree Methods in Physics",
   publisher =   "Cambridge University Press",
   year =        1996,
   address =     "USA",
   edition =     "First",
   isbn =        "0-521-49564-4"}
@BOOK{hockney1988,
   author =      "Hockney, R.W. and Eastwood, J.W.",
   title =       "Computer Simulation Using Particles",
   publisher =   "IOP Publishing Ltd",
   year =        1988,
   address =     "Great Britain",
   edition =     "First",
   isbn =        "0-85274-392-0"}
@BOOK{appel1985,
   author =      "Appel, A.W.",
   title =       "Undergraduate Thesis, Princenton University",
   publisher =   "SIAM J. Sci. Stat. Comput. 6, 85",
   year =        1985,
   address =     "",
   edition =     "",
   isbn =        ""}
@BOOK{porter1985,
   author =      "Porter, D.",
   title =       "PhD Thesis",
   publisher =   "University of California, Berkeley",
   year =        1985,
   address =     "",
   edition =     "",
   isbn =        ""}


%ARTICLES==========================================================================================

@ARTICLE{Herschel1785,
  author = 		 "Herschel, W.",
  title =		 "On the Construction of the Heavens",
  journal = 	 "Philosophical Transactions of the Royal Society of London",
  year = 		 1785,
  volume = 		 "75",
  pages = 		 "213--266",
  number = 		 "I",
  publisher = 	 {}}
@ARTICLE{WMAP7,
  author =		 "Jarosik, N. and others",
  title =		 "Seven-Year Wilkinson Microwave Anisotropy Probe (WMAP) Observations:
				  Sky Maps, Systematic Errors, and Basic Results",
  journal = 	 "ApJS",
  year = 		 2011,
  volume =		 "192",
  pages = 		 "14",
  number = 		 "",
  publisher = 	 {}}
@ARTICLE{dawson1983,
  author =		 "Dawson, J.M.",
  title =		 "Particle Simulation of Plasmas",
  journal = 	 "Reviews of Modern Physics",
  year = 		 1983,
  volume =		 "55",
  pages = 		 "403--447",
  number = 		 "",
  publisher = 	 {}}
@ARTICLE{barnes1986,
  author =		 "Barnes, J. and Hut, P.",
  title =		 "A hierarchical $O(N \log N)$ Force-Calculation Algorithm",
  journal = 	 "Nature",
  year = 		 1986,
  volume =		 "324",
  pages = 		 "446--449",
  number = 		 "",
  publisher = 	 {}}
@ARTICLE{klypin2011,
  author =		 "Klypin, A.A. and Trujillo-Gomez, S. and Primack, J.",
  title =		 "Dark Matter Halos in the Standard Cosmological Model: Results from the Bolshoi Simulation",
  journal = 	 "ApJ",
  year = 		 2011,
  volume =		 "740",
  pages = 		 "102",
  number = 		 "",
  publisher = 	 {}}
@ARTICLE{jernigan1985,
  author =		 "Jernigan, J.G.",
  title =		 "Dynamic of Star Clusters",
  journal = 	 "IAU Symposium 113",
  year = 		 1985,
  volume =		 "",
  pages = 		 "131",
  number = 		 "",
  publisher = 	 {}}
