% This file was created with JabRef 2.7b.
% Encoding: UTF8

@BOOK{longair2008,
   author =      "Malcom S. Longair",
   title =       "Galaxy Formation",
   publisher =   "Springer",
   year =        2008,
   address =     "New York",
   edition =     "Second",
   isbn =        "978-3-540-73477-2"
}

@BOOK{Padmanabhan2008,
   author =      "Padmanabhan",
   title =       "Galaxy Formation",
   publisher =   "Springer",
   year =        2008,
   address =     "New York",
   edition =     "Second",
   isbn =        "978-3-540-73477-2"
}



@ARTICLE{Herschel1785,
  author = {William Herschel},
  title = {On the Construction of the Heavens},
  journal = {Philosophical Transactions of the Royal Society of London},
  year = {1785},
  volume = {75},
  pages = {213--266},
  number = {I},
  publisher = {}
}